<collection xmlns="http://www.loc.gov/MARC21/slim">
<record>
  <leader>01210nam0a2200253 i 450 </leader>
  <controlfield tag="001">IT\ICCU\CNCE\058329</controlfield>
  <controlfield tag="005">20150617000000.0</controlfield>
  <datafield tag="012" ind1=" " ind2=" ">
    <subfield code="a">7:es &amp;p5. uiu- lite (C) 1547 (R)</subfield>
    <subfield code="2">fei</subfield>
  </datafield>
  <datafield tag="100" ind1=" " ind2=" ">
    <subfield code="a">20040514d1547        0itac0103    ba</subfield>
  </datafield>
  <datafield tag="101" ind1=" " ind2=" ">
    <subfield code="a">LAT</subfield>
  </datafield>
  <datafield tag="102" ind1=" " ind2=" ">
    <subfield code="a">IT</subfield>
  </datafield>
  <datafield tag="200" ind1="1" ind2=" ">
    <subfield code="a">Repertorium mirifici apparatus: domini Iulii Ferrecti Rauennatis i.v.d. equitis &amp; comitis Lateranensis sacri palatii super tractatu de gabell. publ. mune. &amp; one</subfield>
  </datafield>
  <datafield tag="210" ind1=" " ind2=" ">
    <subfield code="d">1547</subfield>
  </datafield>
  <datafield tag="300" ind1=" " ind2=" ">
    <subfield code="a">Stampata a Campagna da Francesco Fabri; per il luogo e il tipografo cfr.: La stampa nell&apos;Italia meridionale. Campagna (1545-1673), p.321</subfield>
  </datafield>
  <datafield tag="620" ind1=" " ind2=" ">
    <subfield code="a">IT</subfield>
    <subfield code="d">Campagna</subfield>
  </datafield>
  <datafield tag="700" ind1=" " ind2="1">
    <subfield code="a">Ferretti,</subfield>
    <subfield code="b">Giulio</subfield>
    <subfield code="3">IT\ICCU\CNCA\001208</subfield>
  </datafield>
  <datafield tag="712" ind1="0" ind2="0">
    <subfield code="a">Fabri, Francesco</subfield>
    <subfield code="3">IT\ICCU\CNCT\001823</subfield>
    <subfield code="4">650</subfield>
  </datafield>
  <datafield tag="791" ind1="0" ind2="0">
    <subfield code="a">De_Fabris, Francesco</subfield>
    <subfield code="3">IT\ICCU\CNCT\003530</subfield>
    <subfield code="z">Fabri, Francesco</subfield>
  </datafield>
  <datafield tag="791" ind1="0" ind2="0">
    <subfield code="a">Corinaltensis, Franciscus</subfield>
    <subfield code="3">IT\ICCU\CNCT\003786</subfield>
    <subfield code="z">Fabri, Francesco</subfield>
  </datafield>
  <datafield tag="791" ind1="0" ind2="0">
    <subfield code="a">Fabrus, Franciscus</subfield>
    <subfield code="3">IT\ICCU\CNCT\004735</subfield>
    <subfield code="z">Fabri, Francesco</subfield>
  </datafield>
  <datafield tag="791" ind1="0" ind2="0">
    <subfield code="a">Fabris, Franciscus de</subfield>
    <subfield code="3">IT\ICCU\CNCT\004737</subfield>
    <subfield code="z">Fabri, Francesco</subfield>
  </datafield>
  <datafield tag="791" ind1="0" ind2="0">
    <subfield code="a">Fabro, Francesco</subfield>
    <subfield code="3">IT\ICCU\CNCT\004740</subfield>
    <subfield code="z">Fabri, Francesco</subfield>
  </datafield>
  <datafield tag="801" ind1=" " ind2="3">
    <subfield code="a">IT</subfield>
    <subfield code="b">ICCU</subfield>
    <subfield code="c">20201115</subfield>
  </datafield>
  <datafield tag="899" ind1=" " ind2=" ">
    <subfield code="a">Biblioteca comunale Rilliana. Poppi</subfield>
    <subfield code="1">AR0050</subfield>
    <subfield code="2">RT1 QR</subfield>
  </datafield>
</record>
</collection>
